@article{Bandalos2014,
	author = {Bandalos, Deborah L.},
	doi = {10.1080/10705511.2014.859510},
	journal = {Structural Equation Modeling: A Multidisciplinary Journal},
	number = {1},
	pages = {102--116},
	title = {{Relative performance of categorical diagonally weighted least squares and robust maximum likelihood estimation}},
	volume = {21},
	year = {2014}
}

@article{DiStefano2005,
	author = {DiStefano, Christine and Hess, Brian},
	doi = {10.1177/073428290502300303},
	journal = {Journal of Psychoeducational Assessment},
	number = {3},
	pages = {225--241},
	title = {{Using confirmatory factor analysis for construct validation: An empirical review}},
	volume = {23},
	year = {2005}
}

@article{DiStefano2014,
	author = {DiStefano, Christine and Morgan, Grant B.},
	doi = {10.1080/10705511.2014.915373},
	journal = {Structural Equation Modeling: A Multidisciplinary Journal},
	number = {3},
	pages = {425--438},
	title = {{A comparison of diagonal weighted least squares robust estimation techniques for ordinal data}},
	volume = {21},
	year = {2014}
}



@article{Forero2009,
	author = {Forero, Carlos G. and Maydeu-Olivares, Alberto and Gallardo-Pujol, David},
	doi = {10.1080/10705510903203573},
	journal = {Structural Equation Modeling: A Multidisciplinary Journal},
	number = {4},
	pages = {625--641},
	title = {{Factor analysis with ordinal indicators: A Monte Carlo study comparing DWLS and ULS sstimation}},
	volume = {16},
	year = {2009}
}



@book{Maxwell2004,
	address = {Mahwah, N.J.},
	author = {Maxwell, Scott E and Delaney, Harold D},
	edition = {2nd},
	publisher = {Routledge},
	title = {{Designing experiments and analyzing data: A model comparison perspective}},
	year = {2004}
}

@article{Muthen1984,
	author = {Muth{\'{e}}n, Bengt},
	doi = {10.1007/BF02294210},
	journal = {Psychometrika},
	number = {1},
	pages = {115--132},
	publisher = {Springer-Verlag},
	title = {{A general structural equation model with dichotomous, ordered categorical, and continuous latent variable indicators}},
	volume = {49},
	year = {1984}
}

%% BEAR DATA REFERENCE
@collection{Padgett2020,
	author = {Padgett, R. Noah},
	doi = {10.18738/T8/VPAH7O},
	publisher = {Texas Data Repository Dataverse},
	title = {{ML-CFA Monte Carlo simulation results}},
	year = {2019},
	version = {1}
}
%% Online Website Reference
@misc{Padgett2021,
	author = {Padgett, R. Noah and Morgan, Grant B.},
	title = {{ML-CFA Fit: Online Supplemental Material}},
	url = {https://noah-padgett.github.io/mcfa-fit/},
	year = {2019}
}

@misc{R2018,
	address = {Vienna, Austria},
	author = {{R Core Team}},
	publisher = {R Foundation for Statistical Computing},
	title = {{R: A language and environment for statistical computing}},
	url = {https://www.r-project.org/},
	year = {2018}
}

@article{Rhemtulla2012,
	author = {Rhemtulla, Mijke and Brosseau-Liard, Patricia {\'{E}}. and Savalei, Victoria},
	doi = {10.1037/a0029315},
	journal = {Psychological Methods},
	number = {3},
	pages = {354--373},
	title = {{When can categorical variables be treated as continuous? A comparison of robust continuous and categorical SEM estimation methods under suboptimal conditions}},
	volume = {17},
	year = {2012}
}


